@article{polanyi1968life,
  title={Life's Irreducible Structure: Live mechanisms and information in DNA are boundary conditions with a sequence of boundaries above them},
  author={Polanyi, Michael},
  journal={Science},
  volume={160},
  number={3834},
  pages={1308--1312},
  year={1968},
  publisher={American Association for the Advancement of Science}
}