@article{wallis2018a,
author={Tom Wallis and Tim Storer},
year={ 2018 },
title={ Modelling Realistic User Behaviour in Information Systems Simulations as Fuzzing Aspects },
journal = {CAiSE Forum},
}

@inproceedings{kalganova1999evolving,
  title={Evolving more efficient digital circuits by allowing circuit layout evolution and multi-objective fitness},
  author={Kalganova, Tatiana and Miller, Julian},
  booktitle={Evolvable Hardware, 1999. Proceedings of the First NASA/DoD Workshop on},
  pages={54--63},
  year={1999},
  organization={IEEE}
}

@incollection{miller2011cartesian,
  title={Cartesian genetic programming},
  author={Miller, Julian F},
  booktitle={Cartesian Genetic Programming},
  pages={17--34},
  year={2011},
  publisher={Springer}
}

@book{brameier2007linear,
  title={Linear genetic programming},
  author={Brameier, Markus F and Banzhaf, Wolfgang},
  year={2007},
  publisher={Springer Science \& Business Media}
}

@inproceedings{perkis1994stack,
  title={Stack-based genetic programming},
  author={Perkis, Timothy},
  booktitle={Evolutionary Computation, 1994. IEEE World Congress on Computational Intelligence., Proceedings of the First IEEE Conference on},
  pages={148--153},
  year={1994},
  organization={IEEE}
}

@inproceedings{spector2001autoconstructive,
  title={Autoconstructive evolution: Push, pushGP, and pushpop},
  author={Spector, Lee},
  booktitle={Proceedings of the Genetic and Evolutionary Computation Conference (GECCO-2001)},
  volume={137},
  year={2001}
}

@inproceedings{cody2015locogp,
  title={locoGP: improving performance by genetic programming java source code},
  author={Cody-Kenny, Brendan and Galv{\'a}n-L{\'o}pez, Edgar and Barrett, Stephen},
  booktitle={Proceedings of the Companion Publication of the 2015 Annual Conference on Genetic and Evolutionary Computation},
  pages={811--818},
  year={2015},
  organization={ACM}
}

@inproceedings{arcuri2008multi,
  title={Multi-objective improvement of software using co-evolution and smart seeding},
  author={Arcuri, Andrea and White, David Robert and Clark, John and Yao, Xin},
  booktitle={Asia-Pacific Conference on Simulated Evolution and Learning},
  pages={61--70},
  year={2008},
  organization={Springer}
}

@inproceedings{castle2012evolving,
  title={Evolving high-level imperative program trees with strongly formed genetic programming},
  author={Castle, Tom and Johnson, Colin G},
  booktitle={European Conference on Genetic Programming},
  pages={1--12},
  year={2012},
  organization={Springer}
}

@misc{pydysofu,
  author	= {Tom Wallis and Tim Storer},
  title		= {PyDySoFu GitHub Repository},
  howpublished	= {\href{http://www.github.com/twsswt/pydysofu}{http://www.github.com/twsswt/pydysofu}},
  month		= {June},
  year		= {2018}
}

@misc{asp,
  author	= {Tom Wallis and Tim Storer},
  title		= {ASP GitHub Repository},
  howpublished	= {\href{http://www.github.com/probablytom/asp}{http://www.github.com/probablytom/asp}},
  month		= {June},
  year		= {2018}
}

@article{koza1994genetic,
  title={Genetic programming as a means for programming computers by natural selection},
  author={Koza, John R},
  journal={Statistics and computing},
  volume={4},
  number={2},
  pages={87--112},
  year={1994},
  publisher={Springer}
}